<?xml version="1.0" encoding="UTF-8"?><collection xmlns="http://www.loc.gov/MARC21/slim"><record><leader>00453nam--2200133-i-4500</leader><controlfield tag="001">000030123</controlfield><controlfield tag="002">20161230</controlfield><controlfield tag="005">20170115225401</controlfield><controlfield tag="008">060222s1000------------r-----000-0-eng-d</controlfield><datafield ind1=" " ind2=" " tag="245"><subfield code="a">Lucrarile simpozionului de metrologie Bucuresti inmb 1951-1981. Vol.4: Masurarea marimilor termice, optice, fizico-chimice si de radiatii ionizanteelectromagnetice</subfield></datafield><datafield ind1=" " ind2=" " tag="260"><subfield code="a">Bucuresti</subfield><subfield code="b">C.N.S.T</subfield><subfield code="c">1981</subfield></datafield><datafield ind1=" " ind2=" " tag="300"><subfield code="a">1020 p</subfield></datafield><datafield ind1=" " ind2=" " tag="852"><subfield code="a">74073</subfield></datafield><datafield ind1=" " ind2=" " tag="CAT"><subfield code="a">SYS</subfield><subfield code="c">20170115</subfield><subfield code="h">225401</subfield></datafield></record></collection>